%YAML 1.1
%TAG !u! tag:unity3d.com,2011:
--- !u!1001 &100100000
Prefab:
  m_ObjectHideFlags: 1
  serializedVersion: 2
  m_Modification:
    m_TransformParent: {fileID: 0}
    m_Modifications: []
    m_RemovedComponents: []
  m_ParentPrefab: {fileID: 0}
  m_RootGameObject: {fileID: 1969879001830488}
  m_IsPrefabParent: 1
--- !u!1 &1969879001830488
GameObject:
  m_ObjectHideFlags: 0
  m_PrefabParentObject: {fileID: 0}
  m_PrefabInternal: {fileID: 100100000}
  serializedVersion: 5
  m_Component:
  - component: {fileID: 4920800680919988}
  - component: {fileID: 212143960380784748}
  - component: {fileID: 95113938720506942}
  - component: {fileID: 60064793838565524}
  - component: {fileID: 114194852856313258}
  - component: {fileID: 114940230995402666}
  - component: {fileID: 114880496195202970}
  - component: {fileID: 50070737232127518}
  m_Layer: 0
  m_Name: plane
  m_TagString: airplane
  m_Icon: {fileID: 0}
  m_NavMeshLayer: 0
  m_StaticEditorFlags: 0
  m_IsActive: 1
--- !u!4 &4920800680919988
Transform:
  m_ObjectHideFlags: 1
  m_PrefabParentObject: {fileID: 0}
  m_PrefabInternal: {fileID: 100100000}
  m_GameObject: {fileID: 1969879001830488}
  m_LocalRotation: {x: 0, y: 0, z: 0, w: 1}
  m_LocalPosition: {x: 8.835585, y: 0.23014545, z: -0.76}
  m_LocalScale: {x: 1, y: 1, z: 1}
  m_Children: []
  m_Father: {fileID: 0}
  m_RootOrder: 0
  m_LocalEulerAnglesHint: {x: 0, y: 0, z: 0}
--- !u!50 &50070737232127518
Rigidbody2D:
  serializedVersion: 4
  m_ObjectHideFlags: 1
  m_PrefabParentObject: {fileID: 0}
  m_PrefabInternal: {fileID: 100100000}
  m_GameObject: {fileID: 1969879001830488}
  m_BodyType: 1
  m_Simulated: 1
  m_UseFullKinematicContacts: 0
  m_UseAutoMass: 0
  m_Mass: 1
  m_LinearDrag: 0
  m_AngularDrag: 0.05
  m_GravityScale: 1
  m_Material: {fileID: 0}
  m_Interpolate: 0
  m_SleepingMode: 1
  m_CollisionDetection: 0
  m_Constraints: 0
--- !u!60 &60064793838565524
PolygonCollider2D:
  m_ObjectHideFlags: 1
  m_PrefabParentObject: {fileID: 0}
  m_PrefabInternal: {fileID: 100100000}
  m_GameObject: {fileID: 1969879001830488}
  m_Enabled: 1
  m_Density: 1
  m_Material: {fileID: 0}
  m_IsTrigger: 1
  m_UsedByEffector: 0
  m_Offset: {x: 0, y: 0}
  m_Points:
    m_Paths:
    - - {x: 0.01, y: -0.82}
      - {x: 0.29999998, y: -0.77}
      - {x: 0.76, y: -0.66999996}
      - {x: 0.88, y: -0.62}
      - {x: 0.93, y: -0.56}
      - {x: 0.94, y: -0.51}
      - {x: 0.88, y: -0.42}
      - {x: 0.83, y: -0.42}
      - {x: 0.21, y: -0.45999998}
      - {x: 0.01, y: -0.47}
      - {x: -0.22, y: -0.48999998}
      - {x: -0.04, y: -0.19999999}
      - {x: 0.13, y: -0.19}
      - {x: 0.32999998, y: -0.17999999}
      - {x: 0.5, y: -0.17}
      - {x: 0.69, y: -0.16}
      - {x: 0.85999995, y: -0.14999999}
      - {x: 1.06, y: -0.14}
      - {x: 1.23, y: -0.13}
      - {x: 1.4699999, y: -0.12}
      - {x: 1.74, y: -0.11}
      - {x: 1.8499999, y: -0.099999994}
      - {x: 2, y: -0.089999996}
      - {x: 2.22, y: -0.08}
      - {x: 2.26, y: -0.07}
      - {x: 2.35, y: -0.04}
      - {x: 2.4199998, y: 0.02}
      - {x: 2.46, y: 0.12}
      - {x: 2.46, y: 0.35999998}
      - {x: 2.4299998, y: 0.48999998}
      - {x: 2.3799999, y: 0.64}
      - {x: 2.34, y: 0.74}
      - {x: 2.26, y: 0.9}
      - {x: 2.2, y: 1.01}
      - {x: 2.1299999, y: 1.11}
      - {x: 2.07, y: 1.11}
      - {x: 2, y: 1.09}
      - {x: 1.89, y: 0.96}
      - {x: 1.8, y: 0.79999995}
      - {x: 1.52, y: 0.39999998}
      - {x: 1.41, y: 0.37}
      - {x: 1.39, y: 0.34}
      - {x: 0.98999995, y: 0.39}
      - {x: 0.88, y: 0.42}
      - {x: 0.17, y: 0.53}
      - {x: 0.19, y: 0.59}
      - {x: 0.24, y: 0.69}
      - {x: 0.24, y: 0.71999997}
      - {x: 0.19, y: 0.76}
      - {x: 0.02, y: 0.81}
      - {x: -0.51, y: 0.88}
      - {x: -0.75, y: 0.9}
      - {x: -0.79999995, y: 0.88}
      - {x: -0.93, y: 0.74}
      - {x: -1.03, y: 0.72999996}
      - {x: -1.11, y: 0.69}
      - {x: -1.11, y: 0.64}
      - {x: -1.05, y: 0.58}
      - {x: -1.3199999, y: 0.38}
      - {x: -1.4399999, y: 0.38}
      - {x: -1.77, y: 0.35999998}
      - {x: -1.91, y: 0.34}
      - {x: -1.9399999, y: 0.52}
      - {x: -1.9599999, y: 0.69}
      - {x: -2.02, y: 0.71999997}
      - {x: -2.05, y: 0.64}
      - {x: -2.05, y: -0.099999994}
      - {x: -2.04, y: -0.26999998}
      - {x: -1.9799999, y: -0.29999998}
      - {x: -1.9499999, y: -0.22}
      - {x: -1.9499999, y: 0.12}
      - {x: -1.87, y: -0.02}
      - {x: -1.76, y: -0.12}
      - {x: -1.62, y: -0.19}
      - {x: -1.41, y: -0.25}
      - {x: -1.22, y: -0.28}
      - {x: -1.12, y: -0.32}
      - {x: -1.3199999, y: -0.53999996}
      - {x: -1.38, y: -0.56}
      - {x: -2.21, y: -0.61}
      - {x: -2.25, y: -0.68}
      - {x: -2.25, y: -0.74}
      - {x: -2.2, y: -0.83}
      - {x: -2.07, y: -0.89}
      - {x: -1.87, y: -0.95}
      - {x: -1.7199999, y: -0.96999997}
      - {x: -1.4599999, y: -1}
      - {x: -1.17, y: -1}
      - {x: -0.7, y: -0.96}
      - {x: -0.55, y: -0.93}
      - {x: -0.24, y: -0.85999995}
    - - {x: -1.17, y: -0.52}
      - {x: -1.1, y: -0.45999998}
      - {x: -0.57, y: -0.48}
      - {x: -0.55, y: -0.48}
      - {x: -0.5, y: -0.51}
      - {x: -0.47, y: -0.51}
      - {x: -0.57, y: -0.5}
      - {x: -0.74, y: -0.51}
      - {x: -0.89, y: -0.52}
      - {x: -1.06, y: -0.53}
      - {x: -1.0699999, y: -0.53999996}
      - {x: -1.1999999, y: -0.55}
      - {x: -1.1899999, y: -0.55}
    - - {x: -0.38, y: -0.44}
      - {x: -0.56, y: -0.35}
      - {x: -0.78, y: -0.26999998}
      - {x: -0.55, y: -0.24}
      - {x: -0.32999998, y: -0.24}
      - {x: -0.34, y: -0.38}
    - - {x: -0.35999998, y: 0.26}
      - {x: -0.29, y: 0.38}
      - {x: -0.06, y: 0.35999998}
      - {x: -0.099999994, y: 0.21}
    - - {x: -0.57, y: 0.26999998}
      - {x: -0.5, y: 0.39999998}
      - {x: -0.39999998, y: 0.41}
      - {x: -0.45, y: 0.35}
    - - {x: -1.03, y: 0.28}
      - {x: -1.16, y: 0.35999998}
      - {x: -1.0699999, y: 0.42999998}
      - {x: -1.03, y: 0.45}
      - {x: -0.98999995, y: 0.5}
      - {x: -1.06, y: 0.42999998}
      - {x: -1.0799999, y: 0.38}
      - {x: -1.06, y: 0.35}
      - {x: -0.91999996, y: 0.29999998}
      - {x: -0.89, y: 0.35999998}
      - {x: -0.88, y: 0.39}
      - {x: -0.87, y: 0.44}
      - {x: -0.84999996, y: 0.47}
      - {x: -0.85999995, y: 0.48999998}
      - {x: -0.88, y: 0.42}
      - {x: -0.88, y: 0.32999998}
      - {x: -0.85999995, y: 0.29}
--- !u!95 &95113938720506942
Animator:
  serializedVersion: 3
  m_ObjectHideFlags: 1
  m_PrefabParentObject: {fileID: 0}
  m_PrefabInternal: {fileID: 100100000}
  m_GameObject: {fileID: 1969879001830488}
  m_Enabled: 1
  m_Avatar: {fileID: 0}
  m_Controller: {fileID: 9100000, guid: bfed95f4777a442d69f31cb6ac07da7c, type: 2}
  m_CullingMode: 0
  m_UpdateMode: 0
  m_ApplyRootMotion: 0
  m_LinearVelocityBlending: 0
  m_WarningMessage: 
  m_HasTransformHierarchy: 1
  m_AllowConstantClipSamplingOptimization: 1
--- !u!114 &114194852856313258
MonoBehaviour:
  m_ObjectHideFlags: 1
  m_PrefabParentObject: {fileID: 0}
  m_PrefabInternal: {fileID: 100100000}
  m_GameObject: {fileID: 1969879001830488}
  m_Enabled: 1
  m_EditorHideFlags: 0
  m_Script: {fileID: 11500000, guid: 94861e4815fae4f7aa1a71de593151da, type: 3}
  m_Name: 
  m_EditorClassIdentifier: 
  whereToDestroy: {fileID: 0}
--- !u!114 &114880496195202970
MonoBehaviour:
  m_ObjectHideFlags: 1
  m_PrefabParentObject: {fileID: 0}
  m_PrefabInternal: {fileID: 100100000}
  m_GameObject: {fileID: 1969879001830488}
  m_Enabled: 1
  m_EditorHideFlags: 0
  m_Script: {fileID: 11500000, guid: 78de4d1db08784579a5f9e9f6caf97b9, type: 3}
  m_Name: 
  m_EditorClassIdentifier: 
  angle: 0
  addForcePower: 4500
  sound: {fileID: 8300000, guid: cdd085c7eb83e40b38fcc4e4f57cafa3, type: 3}
  explosion: {fileID: 0}
--- !u!114 &114940230995402666
MonoBehaviour:
  m_ObjectHideFlags: 1
  m_PrefabParentObject: {fileID: 0}
  m_PrefabInternal: {fileID: 100100000}
  m_GameObject: {fileID: 1969879001830488}
  m_Enabled: 1
  m_EditorHideFlags: 0
  m_Script: {fileID: 11500000, guid: fe80cd02c6af645a5a6702523d384df5, type: 3}
  m_Name: 
  m_EditorClassIdentifier: 
  speed: 10
--- !u!212 &212143960380784748
SpriteRenderer:
  m_ObjectHideFlags: 1
  m_PrefabParentObject: {fileID: 0}
  m_PrefabInternal: {fileID: 100100000}
  m_GameObject: {fileID: 1969879001830488}
  m_Enabled: 1
  m_CastShadows: 0
  m_ReceiveShadows: 0
  m_MotionVectors: 1
  m_LightProbeUsage: 0
  m_ReflectionProbeUsage: 0
  m_Materials:
  - {fileID: 10754, guid: 0000000000000000f000000000000000, type: 0}
  m_StaticBatchInfo:
    firstSubMesh: 0
    subMeshCount: 0
  m_StaticBatchRoot: {fileID: 0}
  m_ProbeAnchor: {fileID: 0}
  m_LightProbeVolumeOverride: {fileID: 0}
  m_ScaleInLightmap: 1
  m_PreserveUVs: 0
  m_IgnoreNormalsForChartDetection: 0
  m_ImportantGI: 0
  m_SelectedEditorRenderState: 0
  m_MinimumChartSize: 4
  m_AutoUVMaxDistance: 0.5
  m_AutoUVMaxAngle: 89
  m_LightmapParameters: {fileID: 0}
  m_SortingLayerID: 0
  m_SortingOrder: 0
  m_Sprite: {fileID: 21300000, guid: e322cc19470534f62a1bf5bf94b97edf, type: 3}
  m_Color: {r: 1, g: 1, b: 1, a: 1}
  m_FlipX: 0
  m_FlipY: 0
