%YAML 1.1
%TAG !u! tag:unity3d.com,2011:
--- !u!1001 &100100000
Prefab:
  m_ObjectHideFlags: 1
  serializedVersion: 2
  m_Modification:
    m_TransformParent: {fileID: 0}
    m_Modifications: []
    m_RemovedComponents: []
  m_ParentPrefab: {fileID: 0}
  m_RootGameObject: {fileID: 1704916368478694}
  m_IsPrefabParent: 1
--- !u!1 &1704916368478694
GameObject:
  m_ObjectHideFlags: 0
  m_PrefabParentObject: {fileID: 0}
  m_PrefabInternal: {fileID: 100100000}
  serializedVersion: 5
  m_Component:
  - component: {fileID: 4001486503749802}
  - component: {fileID: 212608649865042860}
  - component: {fileID: 60969458705322180}
  - component: {fileID: 114321907407859008}
  - component: {fileID: 114808638189869984}
  m_Layer: 8
  m_Name: Trampoline
  m_TagString: seal
  m_Icon: {fileID: 0}
  m_NavMeshLayer: 0
  m_StaticEditorFlags: 0
  m_IsActive: 1
--- !u!4 &4001486503749802
Transform:
  m_ObjectHideFlags: 1
  m_PrefabParentObject: {fileID: 0}
  m_PrefabInternal: {fileID: 100100000}
  m_GameObject: {fileID: 1704916368478694}
  m_LocalRotation: {x: 0, y: 0, z: 0, w: 1}
  m_LocalPosition: {x: 9.778377, y: -0.83817416, z: -0.76}
  m_LocalScale: {x: 1, y: 1, z: 1}
  m_Children: []
  m_Father: {fileID: 0}
  m_RootOrder: 0
  m_LocalEulerAnglesHint: {x: 0, y: 0, z: 0}
--- !u!60 &60969458705322180
PolygonCollider2D:
  m_ObjectHideFlags: 1
  m_PrefabParentObject: {fileID: 0}
  m_PrefabInternal: {fileID: 100100000}
  m_GameObject: {fileID: 1704916368478694}
  m_Enabled: 1
  m_Density: 1
  m_Material: {fileID: 0}
  m_IsTrigger: 1
  m_UsedByEffector: 0
  m_Offset: {x: 0, y: 0}
  m_Points:
    m_Paths:
    - - {x: 2.12, y: -0.91999996}
      - {x: 2.08, y: -0.79999995}
      - {x: 2.06, y: -0.75}
      - {x: 2.07, y: -0.65999997}
      - {x: 2.19, y: -0.65}
      - {x: 2.29, y: -0.57}
      - {x: 2.3, y: -0.51}
      - {x: 2.3, y: -0.41}
      - {x: 2.23, y: -0.34}
      - {x: 2.18, y: -0.32}
      - {x: 2.11, y: -0.29999998}
      - {x: 1.93, y: -0.25}
      - {x: 1.76, y: -0.16}
      - {x: 1.67, y: -0.11}
      - {x: 1.39, y: 0.24}
      - {x: 1.29, y: 0.34}
      - {x: 1.1999999, y: 0.42}
      - {x: 0.97999996, y: 0.59999996}
      - {x: 0.81, y: 0.7}
      - {x: 0.63, y: 0.78999996}
      - {x: 0.52, y: 0.83}
      - {x: 0.24, y: 0.87}
      - {x: 0.12, y: 0.88}
      - {x: -0.29999998, y: 0.88}
      - {x: -0.65, y: 0.83}
      - {x: -0.72999996, y: 0.81}
      - {x: -1.02, y: 0.71}
      - {x: -1.16, y: 0.68}
      - {x: -1.28, y: 0.63}
      - {x: -1.36, y: 0.59}
      - {x: -1.55, y: 0.39999998}
      - {x: -1.5999999, y: 0.39}
      - {x: -1.8, y: 0.45}
      - {x: -1.9499999, y: 0.48}
      - {x: -2.1599998, y: 0.48}
      - {x: -2.23, y: 0.47}
      - {x: -2.45, y: 0.42999998}
      - {x: -2.53, y: 0.42}
      - {x: -2.6399999, y: 0.38}
      - {x: -2.75, y: 0.32}
      - {x: -2.81, y: 0.25}
      - {x: -2.81, y: -0.02}
      - {x: -2.72, y: -0.089999996}
      - {x: -2.6499999, y: -0.12}
      - {x: -2.55, y: -0.17}
      - {x: -2.4199998, y: -0.26}
      - {x: -2.28, y: -0.38}
      - {x: -2.22, y: -0.42}
      - {x: -1.91, y: -0.59999996}
      - {x: -1.67, y: -0.71}
      - {x: -1.49, y: -0.76}
      - {x: -1.39, y: -0.79999995}
      - {x: -1.27, y: -0.85999995}
      - {x: -0.91999996, y: -0.96999997}
      - {x: -0.79999995, y: -1}
      - {x: -0.71999997, y: -1.01}
      - {x: -0.26999998, y: -1.04}
      - {x: -0.08, y: -1.0799999}
      - {x: -0.049999997, y: -1.12}
      - {x: 0.16, y: -1.2099999}
      - {x: 0.22999999, y: -1.2099999}
      - {x: 0.32, y: -1.15}
      - {x: 0.34, y: -0.98999995}
      - {x: 0.28, y: -0.82}
      - {x: 0.91999996, y: -0.82}
      - {x: 1.14, y: -0.89}
      - {x: 1.24, y: -0.95}
      - {x: 1.36, y: -1.05}
      - {x: 1.55, y: -1.22}
      - {x: 1.77, y: -1.4599999}
      - {x: 1.86, y: -1.63}
      - {x: 2.01, y: -1.6999999}
      - {x: 2.06, y: -1.6999999}
      - {x: 2.11, y: -1.62}
      - {x: 2.12, y: -1.4399999}
--- !u!114 &114321907407859008
MonoBehaviour:
  m_ObjectHideFlags: 1
  m_PrefabParentObject: {fileID: 0}
  m_PrefabInternal: {fileID: 100100000}
  m_GameObject: {fileID: 1704916368478694}
  m_Enabled: 1
  m_EditorHideFlags: 0
  m_Script: {fileID: 11500000, guid: 78de4d1db08784579a5f9e9f6caf97b9, type: 3}
  m_Name: 
  m_EditorClassIdentifier: 
  angle: 60
  addForcePower: 2850
  sound: {fileID: 8300000, guid: 615e6fc08f60944b18e4cd54656e78ad, type: 3}
  explosion: {fileID: 1908676183820064, guid: bf8314237f6f8439f906f748a6e6c2a6, type: 2}
--- !u!114 &114808638189869984
MonoBehaviour:
  m_ObjectHideFlags: 1
  m_PrefabParentObject: {fileID: 0}
  m_PrefabInternal: {fileID: 100100000}
  m_GameObject: {fileID: 1704916368478694}
  m_Enabled: 1
  m_EditorHideFlags: 0
  m_Script: {fileID: 11500000, guid: 94861e4815fae4f7aa1a71de593151da, type: 3}
  m_Name: 
  m_EditorClassIdentifier: 
  whereToDestroy: {fileID: 0}
--- !u!212 &212608649865042860
SpriteRenderer:
  m_ObjectHideFlags: 1
  m_PrefabParentObject: {fileID: 0}
  m_PrefabInternal: {fileID: 100100000}
  m_GameObject: {fileID: 1704916368478694}
  m_Enabled: 1
  m_CastShadows: 0
  m_ReceiveShadows: 0
  m_MotionVectors: 1
  m_LightProbeUsage: 0
  m_ReflectionProbeUsage: 0
  m_Materials:
  - {fileID: 10754, guid: 0000000000000000f000000000000000, type: 0}
  m_StaticBatchInfo:
    firstSubMesh: 0
    subMeshCount: 0
  m_StaticBatchRoot: {fileID: 0}
  m_ProbeAnchor: {fileID: 0}
  m_LightProbeVolumeOverride: {fileID: 0}
  m_ScaleInLightmap: 1
  m_PreserveUVs: 0
  m_IgnoreNormalsForChartDetection: 0
  m_ImportantGI: 0
  m_SelectedEditorRenderState: 0
  m_MinimumChartSize: 4
  m_AutoUVMaxDistance: 0.5
  m_AutoUVMaxAngle: 89
  m_LightmapParameters: {fileID: 0}
  m_SortingLayerID: 0
  m_SortingOrder: 0
  m_Sprite: {fileID: 21300000, guid: 756a6b0aa695d4024b3bc80826289a76, type: 3}
  m_Color: {r: 1, g: 1, b: 1, a: 1}
  m_FlipX: 0
  m_FlipY: 0
